<?xml version="1.0" encoding="UTF-8"?><record xmlns="http://www.loc.gov/MARC21/slim" xmlns:cinclude="http://apache.org/cocoon/include/1.0" xmlns:zs="http://www.loc.gov/zing/srw/">
  <leader>00397nz  a2200121n  4500</leader>
  <controlfield tag="001">n 2007050986</controlfield>
  <controlfield tag="003">DLC</controlfield>
  <controlfield tag="005">20070721075035.0</controlfield>
  <controlfield tag="008">070720n| acannaabn          |n aaa      </controlfield>
  <datafield tag="010" ind1=" " ind2=" ">
    <subfield code="a">n 2007050986</subfield>
  </datafield>
  <datafield tag="040" ind1=" " ind2=" ">
    <subfield code="a">DLC</subfield>
    <subfield code="b">eng</subfield>
    <subfield code="c">DLC</subfield>
  </datafield>
  <datafield tag="100" ind1="1" ind2=" ">
    <subfield code="a">Braun, Hans,</subfield>
    <subfield code="d">1963-</subfield>
  </datafield>
  <datafield tag="670" ind1=" " ind2=" ">
    <subfield code="a">Braun, Hans. Die Familie von Wattenwyl, c2004:</subfield>
    <subfield code="b">t.p. (Hans Braun) jkt. (b. 1963, Olten [Switzerland], freelance historian and archivist)</subfield>
  </datafield>
</record>